@article{parameters,
    author = {Sara Seager and Gabriela Mall√©n-Ornelas},
    title = {A Unique Solution of Planet and Star Parameters from an Extrasolar Planet Transit Light Curve},
    year = {2002},
    journal = {The Astrophysical Journal},
    volume = {585},
    number = {2},
    pages = {1038--1055},
    url = {http://seagerexoplanets.mit.edu/ftp/Papers/Seager2003.pdf},
    urldate = {2014-06-13}
}

@article{bls,
    author = {Geza Kovacs and Shay Zucker and Tsevi Mazeh},
    title = {A box-fitting algorithm in the search for periodic transits},
    year = 2002,
    journal = {Astronomy and Astrophysics},
    volume = 391,
    pages = {369--377},
    url = {http://adsabs.harvard.edu/abs/2002A%26A...391..369K},
    urldate = {2014-06-13}
}

@online{jplMethods,
    author = {Joshua Rodriguez},
    title = {{PlanetQuest - Methods}},
    url = {http://planetquest.jpl.nasa.gov/page/methods},
    urldate = {2014-06-13}
}

@online{aboutTransits,
    title = {About Transits},
    url = {http://kepler.nasa.gov/Science/about/characteristicsOfTransits/},
    date = {2013-10-22},
    urldate = {2014-06-15}
}

@online{dopplerSpectroscopy,
    author = {Michael Richmond},
    title = {{Using Spectra to Derive Motions}},
    url = {http://spiff.rit.edu/classes/phys301/lectures/doppler/doppler.html},
    urldate = {2014-06-13}
}

@online(exoplanetEncyclopedia,
    title = {{The Extrasolar Planets Encyclopedia}},
    url = {http://exoplanet.eu/},
    year = {1995--},
    urldate = {2014-06-14},
    url = {http://exoplanet.eu/}
)

@online{exoplanetArchive,
    author = {{California Institute of Technology} and {National Aeronautics and Space Administration}},
    shortauthor = {Caltech and NASA},
    title = {{NASA Exoplanet Archive}},
    url = {http://exoplanetarchive.ipac.caltech.edu/},
    urldate = {2014-06-14}
}

@online{hotJupiter,
    author = {Evgenya Shkolnik},
    title = {What is a hot {Jupiter}?},
    url = {http://curiosity.discovery.com/question/hot-jupiter},
    urldate = {2014-06-15}
}

@online{keplerManual,
    title = {{Kepler} Archive Manual},
    author = {Susan E. Thompson and Dorothy Fraquelli and Chris Middour and Rick Thompson and Cyrus Chow and Ron Gilliland and Michael Haas},
    date = {2011-03-15},
    url = {http://archive.stsci.edu/kepler/manuals/archive_manual.htm}
}

@online{kepler5b,
    title = {{Kepler-5b}},
    date = {2011-01-30},
    url = {http://kepler.nasa.gov/Mission/discoveries/kepler5b/},
    urldate = {2014-06-15}
}

@online{pdc,
    title = {Pre-Search Data Conditioning {(PDC)}},
    author = {Jessie Dotson},
    editor = {Martin Still},
    date = {2013-01-11},
    url = {http://keplerscience.arc.nasa.gov/PipelinePDC.shtml},
    urldate = {2014-06-15}
}

@online{scipy,
    author = {Eric Jones and Travis Oliphant and Pearu Peterson and others},
    title = {{SciPy}: Open source scientific tools for {Python}},
    year = {2001--},
    url = "http://www.scipy.org"
}

@article{pythonScientific,
    author = {Travis E. Oliphant},
    title = {{Python} for Scientific Computing},
    journal = {Computing in Science and Engineering},
    volume = {9},
    number = {90},
    year = {2007},
    url = {http://scipy.org/},
    urldate = {2014-06-12}
}

@article{matplotlib,
    author = {John D. Hunter},
    title = {{Matplotlib}: A 2D Graphics Environment},
    journal = {Computing in Science and Engineering},
    volume = {9},
    number = {90},
    year = {2007},
    url = {http://matplotlib.org/},
    urldate = {2014-06-12}
}

@online{untrendy,
    author = {Daniel Foreman-Mackey},
    title = {Untrendy},
    year = {2013},
    url = {https://github.com/dfm/untrendy}
}

@online{pythonBls,
    author = {Daniel Foreman-Mackey and Ruth Angus},
    title = {{Box Least Squares}},
    year = {2013},
    url = {https://github.com/dfm/python-bls}
}
